@book{deep_learning_book,
    title={Deep Learning},
    author={Ian Goodfellow and Yoshua Bengio and Aaron Courville},
    publisher={MIT Press},
    note={http://www.deeplearningbook.org},
    year={2016}
}

@misc{wang_survey_2018,
    title={A Survey of FPGA Based Deep Learning Accelerators: Challenges and Opportunities},
    author={Teng Wang and Chao Wang and Xuehai Zhou and Huaping Chen},
    note={arXiv:1901.04988},
    year={2018}
}

@article{shawahna_review_2019, 
	title={FPGA-Based Accelerators of Deep Learning Networks for Learning and Classification: A Review},
	author={A. Shawahna and S. M. Sait and A. El-Maleh},
	journal={IEEE Access},
	volume={7},
	pages={7823-7859},
	year={2019}
}